@misc{ YOLOv5,
	title = {YOLOv5 gitHub page},
	url = {https://github.com/ultralytics/yolov5},
	note = {Last accessed: 2022-08-16}
}